<record><leader>00000cas a2200000 a 4500</leader><controlfield tag="001">2269511</controlfield><controlfield tag="008">760620c19359999wvudn ne      0    0eng c</controlfield><datafield ind1=" " ind2=" " tag="010"><subfield code="a">sn 86092532 </subfield></datafield><datafield ind1=" " ind2=" " tag="040"><subfield code="a">PIT</subfield><subfield code="b">eng</subfield><subfield code="c">PIT</subfield><subfield code="d">WVC</subfield><subfield code="d">DLC</subfield><subfield code="d">WVC</subfield><subfield code="d">OCL</subfield><subfield code="d">NVK</subfield><subfield code="d">OCL</subfield><subfield code="d">DLC</subfield><subfield code="d">OCLCQ</subfield><subfield code="d">OCLCF</subfield><subfield code="d">OCLCO</subfield></datafield><datafield ind1="1" ind2=" " tag="029"><subfield code="a">AU@</subfield><subfield code="b">000020037373</subfield></datafield><datafield ind1="1" ind2=" " tag="029"><subfield code="a">NZ1</subfield><subfield code="b">16076221</subfield></datafield><datafield ind1=" " ind2=" " tag="032"><subfield code="a">129690</subfield><subfield code="b">USPS</subfield></datafield><datafield ind1=" " ind2=" " tag="037"><subfield code="b">1500 Main Street, Wheeling, W.Va. 26003</subfield></datafield><datafield ind1=" " ind2=" " tag="042"><subfield code="a">pcc</subfield></datafield><datafield ind1=" " ind2=" " tag="043"><subfield code="a">n-us-wv</subfield></datafield><datafield ind1="0" ind2="0" tag="050"><subfield code="a">Newspaper</subfield></datafield><datafield ind1="0" ind2="0" tag="245"><subfield code="a">Wheeling news-register.</subfield></datafield><datafield ind1="1" ind2=" " tag="246"><subfield code="i">Issues for Sunday May 19, 1974- published as:</subfield><subfield code="a">Sunday news-register</subfield></datafield><datafield ind1="3" ind2="0" tag="246"><subfield code="a">News-register</subfield></datafield><datafield ind1=" " ind2=" " tag="260"><subfield code="a">Wheeling, W. Va. :</subfield><subfield code="b">C.E. Smith,</subfield><subfield code="c">1935-</subfield></datafield><datafield ind1=" " ind2=" " tag="300"><subfield code="a">v.</subfield></datafield><datafield ind1=" " ind2=" " tag="310"><subfield code="a">Daily (except Saturday, Sunday and holidays),</subfield><subfield code="b">&lt;Mar. 8, 2001-&gt;</subfield></datafield><datafield ind1=" " ind2=" " tag="321"><subfield code="a">Daily,</subfield><subfield code="b">Aug. 27, 1935-</subfield></datafield><datafield ind1="0" ind2=" " tag="362"><subfield code="a">Vol. 45, no. 337 (Aug. 27, 1935)-</subfield></datafield><datafield ind1=" " ind2=" " tag="500"><subfield code="a">Mar. 19, 1936 issue is handbill size because of "the great Wheeling flood."</subfield></datafield><datafield ind1=" " ind2=" " tag="515"><subfield code="a">Continued the numbering of Wheeling daily news.</subfield></datafield><datafield ind1=" " ind2=" " tag="530"><subfield code="a">Also issued on microfilm from the Library of Congress, Photoduplication Service, and Bell &amp; Howell Information and Learning.</subfield></datafield><datafield ind1=" " ind2=" " tag="580"><subfield code="a">Merger of: Wheeling daily news, and: Wheeling register.</subfield></datafield><datafield ind1=" " ind2=" " tag="588"><subfield code="a">Latest issue consulted: Vol. 111, no. 139 (Mar. 8, 2001).</subfield></datafield><datafield ind1=" " ind2="0" tag="651"><subfield code="a">Wheeling (W. Va.)</subfield><subfield code="v">Newspapers.</subfield></datafield><datafield ind1=" " ind2="0" tag="651"><subfield code="a">Ohio County (W. Va.)</subfield><subfield code="v">Newspapers.</subfield></datafield><datafield ind1=" " ind2="7" tag="655"><subfield code="a">Newspapers.</subfield><subfield code="2">fast</subfield><subfield code="0">(OCoLC)fst01423814</subfield></datafield><datafield ind1=" " ind2="7" tag="651"><subfield code="a">West Virginia</subfield><subfield code="z">Ohio County.</subfield><subfield code="2">fast</subfield><subfield code="0">(OCoLC)fst01224107</subfield></datafield><datafield ind1=" " ind2="7" tag="651"><subfield code="a">West Virginia</subfield><subfield code="z">Wheeling.</subfield><subfield code="2">fast</subfield><subfield code="0">(OCoLC)fst01213675</subfield></datafield><datafield ind1=" " ind2=" " tag="752"><subfield code="a">United States</subfield><subfield code="b">West Virginia</subfield><subfield code="c">Ohio</subfield><subfield code="d">Wheeling.</subfield></datafield><datafield ind1="1" ind2="4" tag="780"><subfield code="t">Wheeling daily news</subfield><subfield code="w">(DLC)sn 85038298</subfield><subfield code="w">(OCoLC)12141463</subfield></datafield><datafield ind1="1" ind2="4" tag="780"><subfield code="t">Wheeling register</subfield><subfield code="w">(DLC)sn 86092518</subfield><subfield code="w">(OCoLC)13502091</subfield></datafield></record>